@misc{chatfuel,
  author = {Chatfuel},
  title = {Chatfuel - No Code Chatbot Builder},
  year = {2024},
  url = {https://chatfuel.com/},
  note = {Accessed: 2025-02-01}
}

@misc{landbot,
  author = {Landbot},
  title = {Landbot - Conversational AI and Chatbots},
  year = {2024},
  url = {https://landbot.io/},
  note = {Accessed: 2025-02-01}
}

@misc{zapier,
  author = {Zapier},
  title = {Zapier - Automate Your Workflows},
  year = {2024},
  url = {https://zapier.com/},
  note = {Accessed: 2025-02-01}
}

@misc{n8n,
  author = {n8n},
  title = {n8n - Open Source Workflow Automation},
  year = {2024},
  url = {https://n8n.io/},
  note = {Accessed: 2025-02-01}
}

@misc{dialogflow,
  author = {Google Cloud},
  title = {Dialogflow - AI Chatbot Development},
  year = {2024},
  url = {https://cloud.google.com/dialogflow},
  note = {Accessed: 2025-02-01}
}

@misc{rasa,
  author = {Rasa},
  title = {Rasa - Open Source Conversational AI},
  year = {2024},
  url = {https://rasa.com/},
  note = {Accessed: 2025-02-01}
}

@misc{botpress,
  author = {Botpress},
  title = {Botpress - Open-Source Conversational AI Platform},
  year = {2024},
  url = {https://botpress.com/},
  note = {Accessed: 2025-02-01}
}

@misc{azurebot,
  author = {Microsoft Azure},
  title = {Azure Bot Service - AI Chatbots for Businesses},
  year = {2024},
  url = {https://azure.microsoft.com/en-us/products/bot-services/},
  note = {Accessed: 2025-02-01}
}

@misc{manychat,
  author = {ManyChat},
  title = {ManyChat - Messenger Marketing and Chatbot Platform},
  year = {2024},
  url = {https://manychat.com/},
  note = {Accessed: 2025-02-01}
}

@misc{jira,
  author = {Atlassian},
  title = {Jira - Issue \& Project Tracking Software},
  year = {2024},
  url = {https://www.atlassian.com/software/jira/},
  note = {Accessed: 2025-02-01}
}

@misc{medium_image,
  author = {Medium},
  title = {Chatbot Conversation Flow Example},
  year = {2025},
  url = {https://miro.medium.com/max/3116/1*Y5DokuM8QuKXaJdz12WtOw.png},
  note = {Accessed: 2025-02-01}
}